@inproceedings{m2mi,
	author = {Alan Kaminsky and Hans-Peter Bischof},
	title = {Many-to-Many Invocation: a new object oriented paradigm for ad hoc collaborative systems},
	booktitle = {OOPSLA '02: Companion of the 17th annual ACM SIGPLAN conference on Object-oriented programming, systems, languages, and applications},
	year = {2002},
	isbn = {1-58113-626-9},
	pages = {72--73},
	location = {Seattle, Washington},
	doi = {http://doi.acm.org/10.1145/985072.985109},
	publisher = {ACM},
	address = {New York, NY, USA},
}

@inproceedings{at1,
	author = {Tom Van Cutsem and Stijn Mostinckx and Elisa Gonzalez Boix and Jessie Dedecker and Wolfgang De Meuter},
	title = {AmbientTalk: Object-oriented Event-driven Programming in Mobile Ad hoc Networks},
	booktitle = {SCCC '07: Proceedings of the XXVI International Conference of the Chilean Society of Computer Science},
	year = {2007},
	isbn = {0-7695-3017-6},
	pages = {3--12},
	doi = {http://dx.doi.org/10.1109/SCCC.2007.4},
	publisher = {IEEE Computer Society},
	address = {Washington, DC, USA},
}

@article{nisv,
 author = {Yang Ni and Ulrich Kremer and Adrian Stere and Liviu Iftode},
 title = {Programming ad-hoc networks of mobile and resource-constrained devices},
 journal = {SIGPLAN Not.},
 volume = {40},
 number = {6},
 year = {2005},
 issn = {0362-1340},
 pages = {249--260},
 doi = {http://doi.acm.org/10.1145/1064978.1065040},
 publisher = {ACM},
 address = {New York, NY, USA},
 }

@inproceedings{ambientrefs,
 author = {Tom Van Cutsem and Jessie Dedecker and Stijn Mostinckx and Elisa Gonzalez and Theo D'Hondt and Theo D'Hondt and Wolfgang De Meuter},
 title = {Ambient references: addressing objects in mobile networks},
 booktitle = {OOPSLA '06: Companion to the 21st ACM SIGPLAN conference on Object-oriented programming systems, languages, and applications},
 year = {2006},
 isbn = {1-59593-491-X},
 pages = {986--997},
 location = {Portland, Oregon, USA},
 doi = {http://doi.acm.org/10.1145/1176617.1176757},
 publisher = {ACM},
 address = {New York, NY, USA},
 }

@article{lime,
 author = {Amy L. Murphy and Gian Pietro Picco and Gruia-Catalin Roman},
 title = {LIME: A coordination model and middleware supporting mobility of hosts and agents},
 journal = {ACM Trans. Softw. Eng. Methodol.},
 volume = {15},
 number = {3},
 year = {2006},
 issn = {1049-331X},
 pages = {279--328},
 doi = {http://doi.acm.org/10.1145/1151695.1151698},
 publisher = {ACM},
 address = {New York, NY, USA},
 }

@article{meshmdl,
 author = {Klaus Herrmann and Klaus Herrmann and Gero M\"{u}hl and Gero M\"{u}hl and Michael A. Jaeger and Michael A. Jaeger},
 title = {MESHMdl event spaces - A coordination middleware for self-organizing applications in ad hoc networks},
 journal = {Pervasive Mob. Comput.},
 volume = {3},
 number = {4},
 year = {2007},
 issn = {1574-1192},
 pages = {467--487},
 doi = {http://dx.doi.org/10.1016/j.pmcj.2007.04.003},
 publisher = {Elsevier Science Publishers B. V.},
 address = {Amsterdam, The Netherlands, The Netherlands},
 }

@ARTICLE{tota,
title={Programming pervasive and mobile computing applications with the TOTA middleware},
author={Mamei, M. and Zambonelli, F.},
journal={Pervasive Computing and Communications, 2004. PerCom 2004. Proceedings of the Second IEEE Annual Conference on},
year={14-17 March 2004},
volume={},
number={},
pages={ 263-273},
keywords={ adaptive systems, middleware, mobile computing, programming TOTA middleware, adaptive context-aware activities, application components, application-specific rules, complex coordination tasks, complex networks navigation, contextual information representation, distributed information, dynamic mobile network, mobile computing programming, pervasive computing programming, programming models, software systems, spatially distributed tuples, uncoupled interactions support},
doi={10.1109/PERCOM.2004.1276864},
ISSN={ }, }

@inproceedings{ycab,
 author = {Dominik Buszko and Wei-Hsing (Dan) Lee and Abdelsalam (Sumi) Helal},
 title = {Decentralized ad-hoc groupware API and framework for mobile collaboration},
 booktitle = {GROUP '01: Proceedings of the 2001 International ACM SIGGROUP Conference on Supporting Group Work},
 year = {2001},
 isbn = {1-58113-294-8},
 pages = {5--14},
 location = {Boulder, Colorado, USA},
 doi = {http://doi.acm.org/10.1145/500286.500291},
 publisher = {ACM},
 address = {New York, NY, USA},
 }

@inproceedings{syd,
 author = {Sushil K. Prasad, Vijay Madisetti, et.al.},
 title = {SyD: a middleware testbed for collaborative applications over small heterogeneous devices and data stores},
 booktitle = {Middleware '04: Proceedings of the 5th ACM/IFIP/USENIX international conference on Middleware},
 year = {2004},
 isbn = {3-540-23428-4},
 pages = {352--371},
 location = {Toronto, Canada},
 publisher = {Springer-Verlag New York, Inc.},
 address = {New York, NY, USA},
 }

@inproceedings{steam,
	author = {Ren\'{e} Meier and Vinny Cahill},
	title = {STEAM: Event-Based Middleware for Wireless Ad Hoc Network},
	booktitle = {ICDCSW '02: Proceedings of the 22nd International Conference on Distributed Computing Systems},
	year = {2002},
	isbn = {0-7695-1588-6},
	pages = {639--644},
	publisher = {IEEE Computer Society},
	address = {Washington, DC, USA},
}

@article{green,
	author = {Thirunavukkarasu Sivaharan and Gordon Blair and  Geoff Coulson},
	title = {GREEN: A Configurable and Re-configurable Publish-Subscribe Middleware for Pervasive Computing},
	booktitle = {On the Move to Meaningful Internet Systems 2005: CoopIS, DOA, and ODBASE},
	pages = {732--749},
	year = {2005},
	doi = {10.1007/11575771_46},
	isbn = {978-3-540-29736-9}
}

@techreport{contextawareness,
	author = {Guanling Chen and David Kotz},
	title = {A Survey of Context-Aware Mobile Computing Research},
	year = {2000},
	source = {http://www.ncstrl.org:8900/ncstrl/servlet/search?formname=detail\&id=oai%3Ancstrlh%3Adartmouthcs%3Ancstrl.dartmouthcs%2F%2FTR2000-381},
	publisher = {Dartmouth College},
	address = {Hanover, NH, USA},
}

@inproceedings{betterjxta,
	author = {Giuseppe Di Modica},
	title = {A JXTA Compliant Framework for Mobile Handheld Devices in Ad Hoc Networks},
	booktitle = {ISCC '05: Proceedings of the 10th IEEE Symposium on Computers and Communications},
	year = {2005},
	isbn = {0-7695-2373-0},
	pages = {582--587},
	doi = {http://dx.doi.org/10.1109/ISCC.2005.12},
	publisher = {IEEE Computer Society},
	address = {Washington, DC, USA},
}

@inproceedings{infinity,
	author = {Alvin Cheung and Tyrone Grandison and Christopher Johnson and Stefan Sch\"{o}nauer},
	title = {\&\#207;nf\&\#239;n\&\#239;ty: a generic platform for application development and information sharing on mobile devices},
	booktitle = {MobiDE '07: Proceedings of the 6th ACM international workshop on Data engineering for wireless and mobile access},
	year = {2007},
	isbn = {978-1-59593-765-0},
	pages = {25--32},
	location = {Beijing, China},
	doi = {http://doi.acm.org/10.1145/1254850.1254856},
	publisher = {ACM},
	address = {New York, NY, USA},
}

@inproceedings{jane,
	author = {Daniel Gorgen and Hannes Frey and Christian Hiedels},
	title = {JANE-The Java Ad Hoc Network Development Environment},
	booktitle = {ANSS '07: Proceedings of the 40th Annual Simulation Symposium},
	year = {2007},
	isbn = {0-7695-2814-7},
	pages = {163--176},
	doi = {http://dx.doi.org/10.1109/ANSS.2007.24},
	publisher = {IEEE Computer Society},
	address = {Washington, DC, USA},
}

@ARTICLE{typecast,
	title={TypeCast: Type-Based Routing in Wireless Ad-hoc Networks},
	author={Lin, Jinsong and Phan, Thomas and Bagrodia, Rajive},
	journal={Mobile and Ubiquitous Systems: Networking \& Services, 2006 Third Annual International Conference on},
	year={July 2006},
	volume={},
	number={},
	pages={1-10},
	keywords={ad hoc networks, encoding, information filters, mobility management (mobile radio), multicast protocols, routing protocolsBloom filter-based type encoding, MANET, ODMRP, TypeCast, mobile ad-hoc network, mobility management, on-demand multicast routing protocol, type-based communication},
	doi={10.1109/MOBIQ.2006.340410},
	ISSN={}, 
}

@article{mocoa,
	author = {Aline Senart and Raymond Cunningham and Mélanie Bouroche and Neil O’Connor and Vinny Reynolds and Vinny Cahill},
	booktitle = {On the Move to Meaningful Internet Systems 2006: CoopIS, DOA, GADA, and ODBASE},
	title = { MoCoA: Customisable Middleware for Context-Aware Mobile Applications},
	pages = {1722--1738},
	year = {2006},
	doi = {10.1007/11914952_47}
}

@misc{javame,
	author = {Sun Microsystems},
	howpublished = {http://java.sun.com/javame/}
}

@misc{dotnetcf,
	author = {Microsoft},
	howpublished = {http://msdn.microsoft.com/en-us/netframework/}
}

@misc{brew,
	author = {Qualcomm},
	howpublished = {http://brew.qualcomm.com/brew/}
}

@misc{jxtame,
	author = {Sun Microsystems},
	howpublished = {https://jxta-jxme.dev.java.net/}
}

@misc{jxta,
	author = {Sun Microsystems},
	howpublished = {https://jxta.dev.java.net/}
}

@article{pubsubsurvey,
	author = {Patrick Th. Eugster and Pascal A. Felber and Rachid Guerraoui and Anne-Marie Kermarrec},
	title = {The many faces of publish/subscribe},
	journal = {ACM Comput. Surv.},
	volume = {35},
	number = {2},
	year = {2003},
	issn = {0360-0300},
	pages = {114--131},
	doi = {http://doi.acm.org/10.1145/857076.857078},
	publisher = {ACM},
	address = {New York, NY, USA},
}


@misc{aodv,
	author = {C. Perkins and E. Belding-Royer and S. Das},
	title = {Ad hoc On-Demand Distance Vector (AODV) Routing},
	year = {2003},
	publisher = {RFC Editor},
	address = {United States},
}

@misc{olsr,
	author = {T. Clausen and P. Jacquet and P. Jacquet},
	title = {Optimized Link State Routing Protocol (OLSR)},
	year = {2003},
	publisher = {RFC Editor},
	address = {United States},
}

@misc{iphone,
	author = {Apple Inc},
	howpublished = {http://www.apple.com/iphone/specs.html}
}

@misc{qualnet,
	author = {Qualnet},
	howpublished= {http://www.scalable-networks.com}
}

@ARTICLE{linda,
	title={Linda and Friends},
	author={Ahuja, S. and Carriero, N. and Gelernter, D.},
	journal={Computer},
	year={Aug. 1986},
	volume={19},
	number={8},
	pages={26-34},
	doi={10.1109/MC.1986.1663305},
	ISSN={0018-9162},
}

@ARTICLE{pervaho,
	title={Pervaho: A Development and Test Platform for Mobile Ad hoc Applications},
	author={Eugster, Patrick and Garbinato, Benoit and Holzer, Adrian},
	journal={Mobile and Ubiquitous Systems - Workshops, 2006. 3rd Annual International Conference on},
	year={17-21 July 2006},
	volume={},
	number={},
	pages={1-5},
	keywords={ad hoc networks, mobility management (mobile radio), telecommunication servicesPervaho, location-based publish/subscribe service, mobile ad hoc applications, mobile peers, phone motion simulator},
	doi={10.1109/MOBIQW.2006.361719},
	ISSN={},
}

@article{EgoSpaces,
	author = {C. Julien and G.-C. Roman},
	title = {EgoSpaces: Facilitating Rapid Development of Context-Aware Mobile Applications},
	journal = {IEEE Transactions on Software Engineering},
	pages = {281--298},
	volume = {32},
	number = {5},
	month = {May},
	year = {2006},
}

@ARTICLE{middlewaresurvey,
	title={Middleware issues and approaches for mobile ad hoc networks},
	author={ Hadim, S. and Al-Jaroodi, J. and Mohamed, N.},
	journal={Consumer Communications and Networking Conference, 2006. CCNC 2006. 3rd IEEE},
	year={8-10 Jan. 2006},
	volume={1},
	number={},
	pages={ 431-436},
	doi={},
	ISSN={}
}
