@article{mwtrends,
	title={ Trends in middleware for mobile ad hoc networks },
	author={S Hadim and others},
	journal={Journal of Communication},
	year={11-21 July 2006},
	volume={1},
	number={4},
	doi={doi:10.4304/jcm.1.4.11-21}
}

@article{lime,
	title={ Lime: A Coordination Middleware Supporting Mobility of Hosts and Agents },
	author={Amy L. Murphy and others },
	journal={ACM Trans. on Software Engin. and Methodology},
	year={July 2006}
}

@article{lights,
	author = {Balzarotti, Davide and others},
	title = {The LighTS tuple space framework and its customization for context-aware applications},
	journal = {Web Intelli. and Agent Sys.},
	volume = {5},
	number = {2},
	year = {2007},
	issn = {1570-1263},
	pages = {215--231}
}

@article{triage,
	title = "Providing early resource allocation during emergencies: The mobile triage tag",
	journal = "J. Netw. Comput. Appl.",
	volume = "32",
	number = "6",
	pages = "1167 - 1182",
	year = "2009",
	issn = "1084-8045",
	doi = "DOI: 10.1016/j.jnca.2009.05.006",
	url = "http://www.sciencedirect.com/science/article/B6WKB-4WBT4B8-1/2/253cfc122b7f68a90e612c53db3a2fb4",
	author = "R. Mart√≠ and others",
	keywords = "Mobile agents",
	keywords = "Triage tag",
	keywords = "Emergency system"
}

@inproceedings{wb1,
	author = {Lien, Yao-Nan and others},
	title = {A MANET Based Emergency Communication and Information System for Catastrophic Natural Disasters},
	booktitle = {ICDCSW '09: Proc. of the 29th IEEE Intl. Conf. on Distributed Computing Systems Workshops},
	year = {2009},
	isbn = {978-0-7695-3660-6},
	pages = {412--417},
	doi = {http://dx.doi.org/10.1109/ICDCSW.2009.72},
}

@article{wb2,
	title={ A distributed mutual exclusion algorithm over multi-routing protocol for mobile ad hoc networks },
	author={ Badache, Nadjib },
	journal={IJPEDS},
	year={2008},
	volume={23},
	number={3},
	pages = { 197--218 }
}

@inproceedings{wb3,
	author = {Simone Leggio and others},
	title = {Session initiation protocol deployment in ad-hoc networks: a decentralized approach},
	booktitle = {2nd Intl. Workshop on Wireless Ad-hoc Networks (IWWAN)},
	year = {2005}
}

@inproceedings{
	wb4,
	title = {  Desirable Mobile Networking Method for Formulating an Efficient Mobile Conferencing Application },
	author = { Mee Young Sung and Jong Hyuk Lee },
	booktitle = { Embedded and Ubiquitous Computing },
	year = { 2004 }
}

@techreport{
	mwsurvey,
	author = {Guilhem Paroux and others },
	institution = {Ecole Nationale Sup\'{e}rieure des T\'{e}l\'{e}communications},
	title = {A survey of middleware for mobile ad hoc networks},
	month = {January},
	year = {2007}
}

@inbook{
	distbook,
	author = { Andrew S. Tanenbaum and Maarten van Steen },
	title = { Distributed Systems },
	publisher = { Prentice Hall },
	year = { 2002 },
	pages = { 700--701 }
}

@inproceedings{m2mi,
        author = {Alan Kaminsky and Hans-Peter Bischof},
        title = {Many-to-Many Invocation: a new object oriented paradigm for ad hoc collaborative systems},
        booktitle = {OOPSLA '02: 17th Conf. on Object-Oriented Programming, Systems, Langs, and Apps.},
        year = {2002},
        isbn = {1-58113-626-9},
        location = {Seattle, Washington},
        doi = {http://doi.acm.org/10.1145/985072.985109}
}

@inproceedings{steam,
        author = {Ren\'{e} Meier and Vinny Cahill},
        title = {STEAM: Event-Based Middleware for Wireless Ad Hoc Network},
        booktitle = {ICDCSW '02: Proc. of the 22nd Intern. Conf. on Distributed Computing Systems},
        year = {2002},
        isbn = {0-7695-1588-6},
        pages = {639--644}
}

@inproceedings{pscompare,
	author = {Pongthawornkamol, Thadpong and others},
	title = {The Analysis of Publish/Subscribe Systems over Mobile Wireless Ad Hoc Networks},
	booktitle = {MOBIQUITOUS '07: Proc. of the 4th Annual Intl. Conf. on Mobile and Ubiquitous Systems: Networking \& Services },
	year = {2007},
	isbn = {978-1-4244-1024-8},
	pages = {1--8},
	doi = {http://dx.doi.org/10.1109/MOBIQ.2007.4451024}
}

@article{psfaces,
	author = {Eugster, Patrick Th. and others},
	title = {The many faces of publish/subscribe},
	journal = {ACM Comput. Surv.},
	volume = {35},
	number = {2},
	year = {2003},
	issn = {0360-0300},
	pages = {114--131},
	doi = {http://doi.acm.org/10.1145/857076.857078}
}

@article{rpc,
	author = {Birrell, Andrew D. and Nelson, Bruce Jay},
	title = {Implementing remote procedure calls},
	journal = {ACM Trans. Comput. Syst.},
	volume = {2},
	number = {1},
	year = {1984},
	issn = {0734-2071},
	pages = {39--59},
	doi = {http://doi.acm.org/10.1145/2080.357392}
}

@article{linda,
	author = {Gelernter, David and Carriero, Nicholas},
	title = {Coordination languages and their significance},
	journal = {Commun. ACM},
	volume = {35},
	number = {2},
	year = {1992},
	issn = {0001-0782},
	pages = {97--107},
	doi = {http://doi.acm.org/10.1145/129630.129635}
}

@inproceedings{mine,
	author = {Collins, Justin and Bagrodia, Rajive},
	title = {Programming in mobile ad hoc networks},
	booktitle = {WICON '08: Proc. of the 4th Annual Intl. Conf. on Wireless Internet},
	year = {2008},
	isbn = {978-963-9799-36-3},
	location = {Maui, Hawaii}
}

@misc{exata,
	title = {Exata: An Exact Digital Network Replica for Testing, Training and Operations of Network-centric Systems },
	year = {2008},
	author = {Scalable Networks},
	howpublished = {Technical brief}
}

@article{psbrokers,
 author = {Denko, Mieso K. and others},
 title = {Enhanced cross-layer based middleware for mobile ad hoc networks},
 journal = {J. Netw. Comput. Appl.},
 volume = {32},
 number = {2},
 year = {2009},
 issn = {1084-8045},
 pages = {490--499},
 doi = {http://dx.doi.org/10.1016/j.jnca.2008.02.022}
 }

@inproceedings{psvsts,
 author = {Ceriotti, Matteo and others},
 title = {Data sharing vs. message passing: synergy or incompatibility?: an implementation-driven case study},
 booktitle = {SAC '08: Proc. of the ACM Symp. on Applied Computing},
 year = {2008},
 isbn = {978-1-59593-753-7},
 pages = {100--107},
 location = {Fortaleza, Ceara, Brazil},
 doi = {http://doi.acm.org/10.1145/1363686.1363714}
  }

@inproceedings{fidelity1,
 author = {Takai, M. and Martin, J. and Bagrodia, R.},
 title = {Effects of wireless physical layer modeling in mobile ad hoc networks},
 booktitle = {MobiHoc '01: Proc. of the 2nd ACM Intl. Symp. on Mobile Ad Hoc Networking \& Computing},
 year = {2001},
 isbn = {1-58113-428-2},
 location = {Long Beach, CA, USA}
 }

@inproceedings{fidelity2,
 author = {Varshney, M. and Bagrodia, R.},
 title = {Detailed models for sensor network simulations and their impact on network performance},
 booktitle = {MSWiM '04: Proc. of 7th ACM Intl. Symp. on Modeling, Analysis and Simulation of Wireless and Mobile Systems},
 year = {2004},
 isbn = {1-58113-953-5},
 location = {Venice, Italy},
 doi = {http://doi.acm.org/10.1145/1023663.1023678}
 }

@inproceedings{aodv,
 author = {Perkins, Charles E. and Royer, Elizabeth M.},
 title = {Ad-hoc On-Demand Distance Vector Routing},
 booktitle = {WMCSA '99: Proc. of the 2nd IEEE Workshop on Mobile Computer Systems and Applications},
 year = {1999},
 isbn = {0-7695-0025-0},
 pages = {90}
 }

@incollection{dsr,
    author = {Johnson, David B. and Maltz, David A.},
    citeulike-article-id = {3581964},
    citeulike-linkout-0 = {http://dx.doi.org/10.1007/978-0-585-29603-6_5},
    citeulike-linkout-1 = {http://www.springerlink.com/content/qg8843v474571123},
    doi = {10.1007/978-0-585-29603-6_5},
    booktitle = {Mobile Computing},
    publisher = {Springer US},
    keywords = {3000-4000, printed, routing},
    pages = {153--181},
    posted-at = {2008-11-20 10:51:34},
    priority = {4},
    title = {Dynamic Source Routing in Ad Hoc Wireless Networks},
    url = {http://dx.doi.org/10.1007/978-0-585-29603-6_5},
    year = {1996}
}