@article{mwtrends,
	title={ Trends in middleware for mobile ad hoc networks },
	author={S Hadim and others},
	journal={Journal of Communication},
	year={11-21 July 2006},
	volume={1},
	number={4},
	doi={doi:10.4304/jcm.1.4.11-21}
}

@article{lime,
	title={ Lime: A Coordination Middleware Supporting Mobility of Hosts and Agents },
	author={Amy L. Murphy and others },
	journal={ACM Trans. on Software Engin. and Methodology},
	year={July 2006}
}

@article{lights,
	author = {Balzarotti, Davide and others},
	title = {The LighTS tuple space framework and its customization for context-aware applications},
	journal = {Web Intelli. and Agent Sys.},
	volume = {5},
	number = {2},
	year = {2007},
	issn = {1570-1263},
	pages = {215--231}
}

@article{triage,
	title = "Providing early resource allocation during emergencies: The mobile triage tag",
	journal = "J. Netw. Comput. Appl.",
	volume = "32",
	number = "6",
	pages = "1167 - 1182",
	year = "2009",
	issn = "1084-8045",
	doi = "DOI: 10.1016/j.jnca.2009.05.006",
	url = "http://www.sciencedirect.com/science/article/B6WKB-4WBT4B8-1/2/253cfc122b7f68a90e612c53db3a2fb4",
	author = "R. Mart√≠ and others",
	keywords = "Mobile agents",
	keywords = "Triage tag",
	keywords = "Emergency system"
}

@inproceedings{wb1,
	author = {Lien, Yao-Nan and others},
	title = {A MANET Based Emergency Communication and Information System for Catastrophic Natural Disasters},
	booktitle = {ICDCSW '09: Proc. of the 29th IEEE Intl. Conf. on Distributed Computing Systems Workshops},
	year = {2009},
	isbn = {978-0-7695-3660-6},
	pages = {412--417},
	doi = {http://dx.doi.org/10.1109/ICDCSW.2009.72},
}

@article{wb2,
	title={ A distributed mutual exclusion algorithm over multi-routing protocol for mobile ad hoc networks },
	author={ Badache, Nadjib },
	journal={IJPEDS},
	year={2008},
	volume={23},
	number={3},
	pages = { 197--218 }
}

@inproceedings{wb3,
	author = {Simone Leggio and others},
	title = {Session initiation protocol deployment in ad-hoc networks: a decentralized approach},
	booktitle = {2nd Intl. Workshop on Wireless Ad-hoc Networks (IWWAN)},
	year = {2005}
}

@inproceedings{
	wb4,
	title = {  Desirable Mobile Networking Method for Formulating an Efficient Mobile Conferencing Application },
	author = { Mee Young Sung and Jong Hyuk Lee },
	booktitle = { Embedded and Ubiquitous Computing },
	year = { 2004 }
}

@techreport{
	mwsurvey,
	author = {Guilhem Paroux and others },
	institution = {Ecole Nationale Sup\'{e}rieure des T\'{e}l\'{e}communications},
	title = {A survey of middleware for mobile ad hoc networks},
	month = {January},
	year = {2007}
}

@inbook{
	distbook,
	author = { Andrew S. Tanenbaum and Maarten van Steen },
	title = { Distributed Systems },
	publisher = { Prentice Hall },
	year = { 2002 },
	pages = { 700--701 }
}

@inproceedings{m2mi,
        author = {Alan Kaminsky and Hans-Peter Bischof},
        title = {Many-to-Many Invocation: a new object oriented paradigm for ad hoc collaborative systems},
        booktitle = {OOPSLA '02: 17th Conf. on Object-Oriented Programming, Systems, Langs, and Apps.},
        year = {2002},
        isbn = {1-58113-626-9},
        location = {Seattle, Washington},
        doi = {http://doi.acm.org/10.1145/985072.985109}
}

@inproceedings{steam,
        author = {Ren\'{e} Meier and Vinny Cahill},
        title = {STEAM: Event-Based Middleware for Wireless Ad Hoc Network},
        booktitle = {ICDCSW '02: Proc. of the 22nd Intern. Conf. on Distributed Computing Systems},
        year = {2002},
        isbn = {0-7695-1588-6},
        pages = {639--644}
}

@inproceedings{pscompare,
	author = {Pongthawornkamol, Thadpong and others},
	title = {The Analysis of Publish/Subscribe Systems over Mobile Wireless Ad Hoc Networks},
	booktitle = {MOBIQUITOUS '07: Proc. of the 4th Annual Intl. Conf. on Mobile and Ubiquitous Systems: Networking \& Services },
	year = {2007},
	isbn = {978-1-4244-1024-8},
	pages = {1--8},
	doi = {http://dx.doi.org/10.1109/MOBIQ.2007.4451024}
}

@article{psfaces,
	author = {Eugster, Patrick Th. and others},
	title = {The many faces of publish/subscribe},
	journal = {ACM Comput. Surv.},
	volume = {35},
	number = {2},
	year = {2003},
	issn = {0360-0300},
	pages = {114--131},
	doi = {http://doi.acm.org/10.1145/857076.857078}
}

@article{rpc,
	author = {Birrell, Andrew D. and Nelson, Bruce Jay},
	title = {Implementing remote procedure calls},
	journal = {ACM Trans. Comput. Syst.},
	volume = {2},
	number = {1},
	year = {1984},
	issn = {0734-2071},
	pages = {39--59},
	doi = {http://doi.acm.org/10.1145/2080.357392}
}

@article{linda,
	author = {Gelernter, David and Carriero, Nicholas},
	title = {Coordination languages and their significance},
	journal = {Commun. ACM},
	volume = {35},
	number = {2},
	year = {1992},
	issn = {0001-0782},
	pages = {97--107},
	doi = {http://doi.acm.org/10.1145/129630.129635}
}

@inproceedings{mine,
	author = {Collins, Justin and Bagrodia, Rajive},
	title = {Programming in mobile ad hoc networks},
	booktitle = {WICON '08: Proc. of the 4th Annual Intl. Conf. on Wireless Internet},
	year = {2008},
	isbn = {978-963-9799-36-3},
	location = {Maui, Hawaii}
}

@misc{exata,
	title = {Exata: An Exact Digital Network Replica for Testing, Training and Operations of Network-centric Systems },
	year = {2008},
	author = {Scalable Networks},
	howpublished = {Technical brief}
}

@article{psbrokers,
 author = {Denko, Mieso K. and others},
 title = {Enhanced cross-layer based middleware for mobile ad hoc networks},
 journal = {J. Netw. Comput. Appl.},
 volume = {32},
 number = {2},
 year = {2009},
 issn = {1084-8045},
 pages = {490--499},
 doi = {http://dx.doi.org/10.1016/j.jnca.2008.02.022}
 }

@inproceedings{psvsts,
 author = {Ceriotti, Matteo and others},
 title = {Data sharing vs. message passing: synergy or incompatibility?: an implementation-driven case study},
 booktitle = {SAC '08: Proc. of the ACM Symp. on Applied Computing},
 year = {2008},
 isbn = {978-1-59593-753-7},
 pages = {100--107},
 location = {Fortaleza, Ceara, Brazil},
 doi = {http://doi.acm.org/10.1145/1363686.1363714}
  }

@inproceedings{fidelity1,
 author = {Takai, M. and Martin, J. and Bagrodia, R.},
 title = {Effects of wireless physical layer modeling in mobile ad hoc networks},
 booktitle = {MobiHoc '01: Proc. of the 2nd ACM Intl. Symp. on Mobile Ad Hoc Networking \& Computing},
 year = {2001},
 isbn = {1-58113-428-2},
 location = {Long Beach, CA, USA}
 }

@inproceedings{fidelity2,
 author = {Varshney, M. and Bagrodia, R.},
 title = {Detailed models for sensor network simulations and their impact on network performance},
 booktitle = {MSWiM '04: Proc. of 7th ACM Intl. Symp. on Modeling, Analysis and Simulation of Wireless and Mobile Systems},
 year = {2004},
 isbn = {1-58113-953-5},
 location = {Venice, Italy},
 doi = {http://doi.acm.org/10.1145/1023663.1023678}
 }

@inproceedings{aodv,
 author = {Perkins, Charles E. and Royer, Elizabeth M.},
 title = {Ad-hoc On-Demand Distance Vector Routing},
 booktitle = {WMCSA '99: Proc. of the 2nd IEEE Workshop on Mobile Computer Systems and Applications},
 year = {1999},
 isbn = {0-7695-0025-0},
 pages = {90}
 }

@incollection{dsr,
    author = {Johnson, David B. and Maltz, David A.},
    citeulike-article-id = {3581964},
    citeulike-linkout-0 = {http://dx.doi.org/10.1007/978-0-585-29603-6_5},
    citeulike-linkout-1 = {http://www.springerlink.com/content/qg8843v474571123},
    doi = {10.1007/978-0-585-29603-6_5},
    booktitle = {Mobile Computing},
    publisher = {Springer US},
    keywords = {3000-4000, printed, routing},
    pages = {153--181},
    posted-at = {2008-11-20 10:51:34},
    priority = {4},
    title = {Dynamic Source Routing in Ad Hoc Wireless Networks},
    url = {http://dx.doi.org/10.1007/978-0-585-29603-6_5},
    year = {1996}
}

@article{meshmdl,
 author = {Klaus Herrmann and Klaus Herrmann and Gero M\"{u}hl and Gero M\"{u}hl and Michael A. Jaeger and Michael A. Jaeger},
 title = {MESHMdl event spaces - A coordination middleware for self-organizing applications in ad hoc networks},
 journal = {Pervasive Mob. Comput.},
 volume = {3},
 number = {4},
 year = {2007},
 issn = {1574-1192},
 pages = {467--487},
 doi = {http://dx.doi.org/10.1016/j.pmcj.2007.04.003},
 publisher = {Elsevier Science Publishers B. V.},
 address = {Amsterdam, The Netherlands, The Netherlands},
 }

@ARTICLE{tota,
title={Programming pervasive and mobile computing applications with the TOTA middleware},
author={Mamei, M. and Zambonelli, F.},
journal={Perv. Comp. and Comm., 2004. PerCom 2004. Proceedings of the Second IEEE Annual Conference on},
year={14-17 March 2004},
volume={},
number={},
pages={ 263-273},
keywords={ adaptive systems, middleware, mobile computing, programming TOTA middleware, adaptive context-aware activities, application components, application-specific rules, complex coordination tasks, complex networks navigation, contextual information representation, distributed information, dynamic mobile network, mobile computing programming, pervasive computing programming, programming models, software systems, spatially distributed tuples, uncoupled interactions support},
doi={10.1109/PERCOM.2004.1276864},
ISSN={ }, 
}

@misc{olsr,
	author = {T. Clausen and P. Jacquet and P. Jacquet},
	title = {Optimized Link State Routing Protocol (OLSR)},
	year = {2003},
	publisher = {RFC Editor},
	address = {United States},
}

@article{sv,
 author = {Yang Ni and Ulrich Kremer and Adrian Stere and Liviu Iftode},
 title = {Programming ad-hoc networks of mobile and resource-constrained devices},
 journal = {SIGPLAN Not.},
 volume = {40},
 number = {6},
 year = {2005},
 issn = {0362-1340},
 pages = {249--260},
 doi = {http://doi.acm.org/10.1145/1064978.1065040},
 publisher = {ACM},
 address = {New York, NY, USA},
 }
 
 @inproceedings{ambienttalk,
	author = {Tom Van Cutsem and Stijn Mostinckx and Elisa Gonzalez Boix and Jessie Dedecker and Wolfgang De Meuter},
	title = {AmbientTalk: Object-oriented Event-driven Programming in Mobile Ad hoc Networks},
	booktitle = {SCCC '07: Proceedings of the XXVI Intern. Conf. of the Chilean Society of Comp. Sci.},
	year = {2007},
	isbn = {0-7695-3017-6},
	pages = {3--12},
	doi = {http://dx.doi.org/10.1109/SCCC.2007.4},
	publisher = {IEEE Computer Society},
	address = {Washington, DC, USA},
}

@book{hintjens2013zeromq,
  title={ZeroMQ: Messaging for Many Applications},
  author={Hintjens, Pieter},
  year={2013},
  publisher={O'Reilly}
}

@inproceedings{szudzikelegant,
  title={An elegant pairing function},
  booktitle={Wolfram Science Conference},
  year={2006},
  author={Szudzik, Matthew}
}

@incollection{wb5,
  title={Designing a Communication Platform for Ubiquitous Systems: The Case Study of a Mobile Forensic Workspace},
  author={Rodr{\'\i}guez-Dom{\'\i}nguez, Carlos and et. al.},
  booktitle={New Trends in Interaction, Virtual Reality and Modeling},
  pages={97--111},
  year={2013},
  publisher={Springer}
}

@article{wb6,
  title={Spontaneous Wireless Ad Hoc Networking: A Review},
  author={Rewadkar, DN and Karve, Smita},
  journal={International Journal},
  volume={3},
  number={11},
  year={2013}
}

@incollection{mrdp,
  title={Solving the Linda multiple rd problem},
  author={Rowstron, Antony and Wood, Alan},
  booktitle={Coordination Languages and Models},
  pages={357--367},
  year={1996},
  publisher={Springer}
}

@inproceedings{collins2010quantitative,
  title={A Quantitative Comparison of Communication Paradigms for MANETs},
  author={Collins, Justin and Bagrodia, Rajive},
  booktitle={7th Intl ICST Conf on Mobile and Ubiquitous Systems (Mobiquitous)},
  year={2010}
}

@ARTICLE{middlewaresurvey,
  title={Middleware issues and approaches for mobile ad hoc networks},
  author={ Hadim, S. and Al-Jaroodi, J. and Mohamed, N.},
  journal={Consumer Communications and Networking Conference, 2006. CCNC 2006. 3rd IEEE},
  year={8-10 Jan. 2006},
  volume={1},
  number={},
  pages={ 431-436},
  doi={},
  ISSN={}
}

@misc{javame,
  author = {Sun Microsystems},
  howpublished = {http://java.sun.com/javame/}
}

@misc{dotnetcf,
  author = {Microsoft},
  howpublished = {http://msdn.microsoft.com/en-us/netframework/}
}

@misc{brew,
  author = {Qualcomm},
  howpublished = {http://brew.qualcomm.com/brew/}
}

@article{nisv,
 author = {Yang Ni and Ulrich Kremer and Adrian Stere and Liviu Iftode},
 title = {Programming ad-hoc networks of mobile and resource-constrained devices},
 journal = {SIGPLAN Not.},
 volume = {40},
 number = {6},
 year = {2005},
 issn = {0362-1340},
 pages = {249--260},
 doi = {http://doi.acm.org/10.1145/1064978.1065040},
 publisher = {ACM},
 address = {New York, NY, USA},
 }

@inproceedings{ambientrefs,
 author = {Tom Van Cutsem and Jessie Dedecker and Stijn Mostinckx and Elisa Gonzalez and Theo D'Hondt and Theo D'Hondt and Wolfgang De Meuter},
 title = {Ambient references: addressing objects in mobile networks},
 booktitle = {OOPSLA '06: Companion to the 21st ACM SIGPLAN conference on Object-oriented programming systems, languages, and applications},
 year = {2006},
 isbn = {1-59593-491-X},
 pages = {986--997},
 location = {Portland, Oregon, USA},
 doi = {http://doi.acm.org/10.1145/1176617.1176757},
 publisher = {ACM},
 address = {New York, NY, USA},
 }
 
 @inproceedings{syd,
 author = {Sushil K. Prasad, Vijay Madisetti, et.al.},
 title = {SyD: a middleware testbed for collaborative applications over small heterogeneous devices and data stores},
 booktitle = {Middleware '04: Proceedings of the 5th ACM/IFIP/USENIX international conference on Middleware},
 year = {2004},
 isbn = {3-540-23428-4},
 pages = {352--371},
 location = {Toronto, Canada},
 publisher = {Springer-Verlag New York, Inc.},
 address = {New York, NY, USA},
 }

@book{edwards2001jini,
  title={Jini example by example},
  author={Edwards, Keith and Rodden, Tom},
  year={2001},
  publisher={Prentice Hall PTR}
}

@book{cellphones,
	title = {Smartphone Ownership - 2013 Update},
  month = {June},
	year = {2013},
	author = {Smith, Aaron},
  publisher = {Pew Internet \& American Life Project},
  url = {http://pewinternet.org/Reports/2013/Smartphone-Ownership-2013.aspx}
}


@book{teenphones,
	title = {Teens and Technology 2013},
  month = {March},
	year = {2013},
	author = {Madden, Mary and et. al.},
  publisher = {Pew Internet \& American Life Project},
  url = {http://www.pewinternet.org/Reports/2013/Teens-and-Tech.aspx}
}

@article{totam,
  title={Programming mobile context-aware applications with TOTAM},
  author={Gonzalez, Boix and et. al.},
  journal={Journal of Systems and Software},
  year={2013},
  publisher={Elsevier}
}

@phdthesis{limbo,
  title={An investigation into the use of the tuple space paradigm in mobile computing environments},
  author={Wade, Stephen Paul},
  year={1999},
  school={Citeseer}
}

@ARTICLE{lime2,
author={Artail, H. and et al},
journal={Wireless Comm., IEEE},
title={The design and implementation of an ad hoc network of mobile devices using the LIME II tuple-space framework},
year={2009},
volume={16},
number={3},
pages={52-59},
keywords={ad hoc networks;mobile radio;notebook computers;LIME II tuple-space framework;ad hoc network;mobile devices;pocket PC devices;source message;transfer information;Ad hoc networks;Collaboration;Computer networks;Middleware;Mobile ad hoc networks;Mobile computing;Personal digital assistants;Portable computers;Routing protocols;Tellurium},
doi={10.1109/MWC.2009.5109464},
ISSN={1536-1284},}

@article{corelime,
  title={CoreLime:: A Coordination Model for Mobile Agents},
  author={Carbunar, Bogdan  and et al},
  journal={Electronic Notes in Theoretical Computer Science},
  volume={54},
  pages={17--34},
  year={2001},
  publisher={Elsevier}
}

@inproceedings{reds,
  title={REDS: a reconfigurable dispatching system},
  author={Cugola, Gianpaolo and Picco, Gian Pietro},
  booktitle={Proc. of the 6th international workshop on Software engineering and middleware},
  pages={9--16},
  year={2006},
  organization={ACM}
}

@article{egospaces,
  title={Egospaces: Facilitating rapid development of context-aware mobile applications},
  author={Julien, Christine and Roman, G-C},
  journal={IEEE Trans on Soft. Eng.},
  volume={32},
  number={5},
  pages={281--298},
  year={2006},
  publisher={IEEE}
}

@inproceedings{de2012new,
  title={A new tuple space structure for tuple space based mobile middleware platforms},
  author={De, Suddhasil and et al},
  booktitle={India Conference (INDICON), 2012 Annual IEEE},
  pages={705--710},
  year={2012},
  organization={IEEE}
}

@inproceedings{limerevisted,
  title={Lime revisited},
  author={Carbunar, Bogdan and et al},
  booktitle={Mobile Agents},
  pages={54--69},
  year={2001},
  organization={Springer}
}

@inproceedings{limone,
  title={A lightweight coordination middleware for mobile computing},
  author={Fok, Chien-Liang and et al},
  booktitle={Coordination Models and Languages},
  pages={135--151},
  year={2004},
  organization={Springer}
}

@incollection{mobileagents,
  year={1998},
  isbn={978-3-540-64737-9},
  booktitle={ECOOP‚Äô98 ‚Äî Object-Oriented Programming},
  volume={1445},
  series={Lecture Notes in Computer Science},
  editor={Jul, Eric},
  doi={10.1007/BFb0054084},
  title={Mobile objects and mobile agents: The future of distributed computing?},
  url={http://dx.doi.org/10.1007/BFb0054084},
  publisher={Springer Berlin Heidelberg},
  author={Lange, DannyB.},
  pages={1-12}
}

@inproceedings{carzaniga1997designing,
  title={Designing distributed applications with mobile code paradigms},
  author={Carzaniga, Antonio and Picco, Gian Pietro and Vigna, Giovanni},
  booktitle={Proceedings of the 19th international conference on Software engineering},
  pages={22--32},
  year={1997},
  organization={ACM}
}

@inproceedings{carzaniga2007code,
  title={Is code still moving around? Looking back at a decade of code mobility},
  author={Carzaniga, Antonio and Picco, Gian Pietro and Vigna, Giovanni},
  booktitle={Companion to the proceedings of the 29th International Conference on Software Engineering},
  pages={9--20},
  year={2007},
  organization={IEEE Computer Society}
}

@article{newmiddlewaresurvey,
  title={Middleware proposals for mobile ad hoc networks},
  author={da Silva, Eduardo and Albini, Luiz Carlos P},
  journal={Journal of Network and Computer Applications},
  volume={43},
  pages={103--120},
  year={2014},
  publisher={Elsevier}
}

@book{haggle,
  title={Haggle: Seamless networking for mobile applications},
  author={Su, Jing and Scott, James and Hui, Pan and Crowcroft, Jon and De Lara, Eyal and Diot, Christophe and Goel, Ashvin and Lim, Meng How and Upton, Eben},
  year={2007},
  publisher={Springer}
}
